<record><leader>00000cas a22000007a 4500</leader><controlfield tag="001">1607923</controlfield><controlfield tag="008">750907c19059999nduwr ne      0    0eng d</controlfield><datafield ind1=" " ind2=" " tag="010"><subfield code="a">sn 85042587 </subfield></datafield><datafield ind1=" " ind2=" " tag="040"><subfield code="a">MUL</subfield><subfield code="b">eng</subfield><subfield code="c">MUL</subfield><subfield code="d">DLC</subfield><subfield code="d">NOP</subfield><subfield code="d">OCLCQ</subfield></datafield><datafield ind1=" " ind2=" " tag="042"><subfield code="a">msc</subfield></datafield><datafield ind1="0" ind2="0" tag="050"><subfield code="a">Newspaper 9209</subfield></datafield><datafield ind1="0" ind2="0" tag="245"><subfield code="a">Hatton free press.</subfield></datafield><datafield ind1=" " ind2=" " tag="260"><subfield code="a">Hatton, Traill County, N.D. :</subfield><subfield code="b">Mrs. W.H. Kelley</subfield></datafield><datafield ind1=" " ind2=" " tag="300"><subfield code="a">v. :</subfield><subfield code="b">ill. ;</subfield><subfield code="c">41 cm.</subfield></datafield><datafield ind1=" " ind2=" " tag="310"><subfield code="a">Weekly</subfield></datafield><datafield ind1="1" ind2=" " tag="362"><subfield code="a">Began in Jan. 1905.</subfield><subfield code="z">Cf. Gregory, W. Amer. newspapers.</subfield></datafield><datafield ind1="0" ind2=" " tag="362"><subfield code="a">-v. 64, no. 49 (Nov. 7, 1968) ; v. 65, no. 10 (Feb. 6, 1969)-</subfield></datafield><datafield ind1=" " ind2=" " tag="500"><subfield code="a">"Eielson Memorial Dedication edition" published on Sept. 15, 1938.</subfield></datafield><datafield ind1=" " ind2=" " tag="530"><subfield code="a">Available on microfilm from the State Historical Society of North Dakota.</subfield></datafield><datafield ind1=" " ind2=" " tag="580"><subfield code="a">Absorbed briefly by Traill County tribune, Nov. 14, 1968-Jan. 30, 1969.</subfield></datafield><datafield ind1=" " ind2=" " tag="588"><subfield code="a">Description based on: Vol. 2, no. 15 (Apr. 12, 1906).</subfield></datafield><datafield ind1=" " ind2=" " tag="752"><subfield code="a">United States</subfield><subfield code="b">North Dakota</subfield><subfield code="c">Traill</subfield><subfield code="d">Hatton.</subfield></datafield><datafield ind1="0" ind2=" " tag="770"><subfield code="t">Nor'wester</subfield><subfield code="w">(DLC)sn 88076766</subfield></datafield><datafield ind1="0" ind2="4" tag="785"><subfield code="t">Traill County tribune (Mayville, N.D. : 1968)</subfield><subfield code="g">Nov. 14, 1968-Jan. 30, 1969</subfield><subfield code="w">(DLC)sn 88076407</subfield></datafield><datafield ind1="1" ind2=" " tag="029"><subfield code="a">AU@</subfield><subfield code="b">000025822453</subfield></datafield></record>